@article{gong1992egyptian,
  title={Egyptian Fractions},
  author={Gong, Kevin},
  journal={Math 196 Spring, UC Berkeley},
  year={1992},
  publisher={Citeseer}
}
